
<record>
  <leader>02456nam a22003375i 4500</leader>
  <controlfield tag="001">21353583</controlfield>
  <datafield tag="906" ind1=" " ind2=" ">
    <subfield code="a">0</subfield>
    <subfield code="b">ibc</subfield>
    <subfield code="c">origres</subfield>
    <subfield code="d">u</subfield>
    <subfield code="e">ncip</subfield>
    <subfield code="f">20</subfield>
    <subfield code="g">y-gencatlg</subfield>
  </datafield>
  <datafield tag="925" ind1="0" ind2=" ">
    <subfield code="a">acquire</subfield>
    <subfield code="b">1 shelf copy</subfield>
    <subfield code="x">policy default</subfield>
  </datafield>
  <datafield tag="955" ind1=" " ind2=" ">
    <subfield code="a">ve07 2020-01-03</subfield>
  </datafield>
  <controlfield tag="005">20200103200042.0</controlfield>
  <controlfield tag="008">191213t20172017mx            000 0 spa  </controlfield>
  <datafield tag="020" ind1=" " ind2=" ">
    <subfield code="a">9786070743122</subfield>
    <subfield code="q">(paperback)</subfield>
  </datafield>
  <datafield tag="020" ind1=" " ind2=" ">
    <subfield code="a">6070743121</subfield>
    <subfield code="q">(paperback)</subfield>
  </datafield>
  <datafield tag="035" ind1=" " ind2=" ">
    <subfield code="a">(Mx-MxBFM)bfm970186544</subfield>
  </datafield>
  <datafield tag="040" ind1=" " ind2=" ">
    <subfield code="a">DLC</subfield>
    <subfield code="b">eng</subfield>
    <subfield code="c">DLC</subfield>
    <subfield code="e">rda</subfield>
  </datafield>
  <datafield tag="042" ind1=" " ind2=" ">
    <subfield code="a">pcc</subfield>
  </datafield>
  <datafield tag="100" ind1="1" ind2=" ">
    <subfield code="a">Padgett, Humberto,</subfield>
    <subfield code="d">1975-</subfield>
    <subfield code="e">autor.</subfield>
  </datafield>
  <datafield tag="245" ind1="1" ind2="3">
    <subfield code="a">La monarquía de la barbarie /</subfield>
    <subfield code="c">Humberto Padgett.</subfield>
  </datafield>
  <datafield tag="246" ind1="1" ind2=" ">
    <subfield code="i">Subtitle from cover:</subfield>
    <subfield code="a">Cruda radiografía de la descomposición del sistema político mexicano</subfield>
  </datafield>
  <datafield tag="250" ind1=" " ind2=" ">
    <subfield code="a">Primera edición.</subfield>
  </datafield>
  <datafield tag="264" ind1=" " ind2="1">
    <subfield code="a">México :</subfield>
    <subfield code="b">Temas de Hoy,</subfield>
    <subfield code="c">2017.</subfield>
  </datafield>
  <datafield tag="264" ind1=" " ind2="4">
    <subfield code="c">©2017</subfield>
  </datafield>
  <datafield tag="300" ind1=" " ind2=" ">
    <subfield code="a">230 pages ;</subfield>
    <subfield code="c">23 cm</subfield>
  </datafield>
  <datafield tag="336" ind1=" " ind2=" ">
    <subfield code="a">text</subfield>
    <subfield code="b">txt</subfield>
    <subfield code="2">rdacontent</subfield>
  </datafield>
  <datafield tag="337" ind1=" " ind2=" ">
    <subfield code="a">unmediated</subfield>
    <subfield code="b">n</subfield>
    <subfield code="2">rdamedia</subfield>
  </datafield>
  <datafield tag="338" ind1=" " ind2=" ">
    <subfield code="a">volume</subfield>
    <subfield code="b">nc</subfield>
    <subfield code="2">rdacarrier</subfield>
  </datafield>
  <datafield tag="520" ind1=" " ind2=" ">
    <subfield code="a">&quot;La síntesis de la pasada elección en elEstado de México quedó plasmada en una imagen:decenas de cabezas de cerdo afuera de las casas de campañadel rival. Así se ejerce la política en una de laszonas más violentas del país, donde el GrupoAtlacomulco hizo alarde de recursos económicos yprácticas clientelares para perpetuarse en el poder. Y esaquí, en territorio mexiquense, donde los habitantes se hanresignado a vivir en la inseguridad, a jugársela entraslados diarios de tres horas a sus centros de trabajo mientrassus funcionarios despachan desde las alturas en imponenteshelicópteros. Quien diga que la frontera interior enMéxico es la que divide a la riqueza de la pobreza, no hareparado en este lugar, donde la verdadera zanja separa agobernantes y gobernados. En este contexto, el periodista Humberto Padgett presenta una investigación que retrata las condiciones de desigualdad social, inseguridad,corrupción, narcotráfico y secuestro en la entidad. Su trabajo permite entender cómo los nexos con el crimen organizado han permitido a una clase políticainsensible y a sus huestes burocráticas, amasar fortunas y feudos de impunidad en un modelo que se extiende, lamentablemente, a todos los rincones del país.&quot;--Back cover.</subfield>
  </datafield>
  <datafield tag="650" ind1=" " ind2="0">
    <subfield code="a">Political corruption</subfield>
    <subfield code="z">Mexico</subfield>
    <subfield code="z">Mexico (State)</subfield>
    <subfield code="y">21st century.</subfield>
  </datafield>
  <datafield tag="651" ind1=" " ind2="0">
    <subfield code="a">Mexico (Mexico : State)</subfield>
    <subfield code="x">Politics and government</subfield>
    <subfield code="y">21st century.</subfield>
  </datafield>
  <datafield tag="923" ind1=" " ind2=" ">
    <subfield code="d">20191217</subfield>
    <subfield code="n">85608</subfield>
    <subfield code="s">Mx-MxBFM</subfield>
  </datafield>
  <datafield tag="985" ind1=" " ind2=" ">
    <subfield code="e">VENDOR LOAD</subfield>
  </datafield>
</record>