
<record>
  <leader>04424nam a22004695i 4500</leader>
  <controlfield tag="001">21353602</controlfield>
  <datafield tag="906" ind1=" " ind2=" ">
    <subfield code="a">0</subfield>
    <subfield code="b">ibc</subfield>
    <subfield code="c">origres</subfield>
    <subfield code="d">u</subfield>
    <subfield code="e">ncip</subfield>
    <subfield code="f">20</subfield>
    <subfield code="g">y-gencatlg</subfield>
  </datafield>
  <datafield tag="925" ind1="0" ind2=" ">
    <subfield code="a">acquire</subfield>
    <subfield code="b">1 shelf copy</subfield>
    <subfield code="x">policy default</subfield>
  </datafield>
  <datafield tag="955" ind1=" " ind2=" ">
    <subfield code="a">ve07 2020-01-03</subfield>
  </datafield>
  <controlfield tag="005">20200103200104.0</controlfield>
  <controlfield tag="008">190620t20182018mx            000 0 spa  </controlfield>
  <datafield tag="020" ind1=" " ind2=" ">
    <subfield code="a">9786075440255</subfield>
  </datafield>
  <datafield tag="020" ind1=" " ind2=" ">
    <subfield code="a">6075440259</subfield>
  </datafield>
  <datafield tag="035" ind1=" " ind2=" ">
    <subfield code="a">(Mx-MxBFM)bfm970185613</subfield>
  </datafield>
  <datafield tag="040" ind1=" " ind2=" ">
    <subfield code="a">DLC</subfield>
    <subfield code="b">eng</subfield>
    <subfield code="c">DLC</subfield>
    <subfield code="e">rda</subfield>
  </datafield>
  <datafield tag="042" ind1=" " ind2=" ">
    <subfield code="a">pcc</subfield>
  </datafield>
  <datafield tag="043" ind1=" " ind2=" ">
    <subfield code="a">n-mx---</subfield>
  </datafield>
  <datafield tag="100" ind1="1" ind2=" ">
    <subfield code="a">Muñoz Aréyzaga, Eréndira,</subfield>
    <subfield code="e">author.</subfield>
  </datafield>
  <datafield tag="245" ind1="1" ind2="0">
    <subfield code="a">Estudios de caso para poner en valor el patrimonio cultural :</subfield>
    <subfield code="b">Numarán, Michoacán y Pénjamo,Guanajuato /</subfield>
    <subfield code="c">Eréndira Muñoz Aréyzaga.</subfield>
  </datafield>
  <datafield tag="250" ind1=" " ind2=" ">
    <subfield code="a">Primera edición.</subfield>
  </datafield>
  <datafield tag="264" ind1=" " ind2="1">
    <subfield code="a">Zamora, Michoacán :</subfield>
    <subfield code="b">El Colegio deMichoacán,</subfield>
    <subfield code="c">[2018]</subfield>
  </datafield>
  <datafield tag="264" ind1=" " ind2="4">
    <subfield code="c">©2018</subfield>
  </datafield>
  <datafield tag="300" ind1=" " ind2=" ">
    <subfield code="a">273 pages :</subfield>
    <subfield code="b">illustrations, charts, plans ;</subfield>
    <subfield code="c">23 cm.</subfield>
  </datafield>
  <datafield tag="336" ind1=" " ind2=" ">
    <subfield code="a">text</subfield>
    <subfield code="b">txt</subfield>
    <subfield code="2">rdacontent</subfield>
  </datafield>
  <datafield tag="337" ind1=" " ind2=" ">
    <subfield code="a">unmediated</subfield>
    <subfield code="b">n</subfield>
    <subfield code="2">rdamedia</subfield>
  </datafield>
  <datafield tag="338" ind1=" " ind2=" ">
    <subfield code="a">volume</subfield>
    <subfield code="b">nc</subfield>
    <subfield code="2">rdacarrier</subfield>
  </datafield>
  <datafield tag="490" ind1="0" ind2=" ">
    <subfield code="a">Colección Investigaciones</subfield>
  </datafield>
  <datafield tag="500" ind1=" " ind2=" ">
    <subfield code="a">Limited edition of 500 copies.</subfield>
  </datafield>
  <datafield tag="500" ind1=" " ind2=" ">
    <subfield code="a">Contains photos, graphs, tables.</subfield>
  </datafield>
  <datafield tag="504" ind1=" " ind2=" ">
    <subfield code="a">Bibliography: pages 249-263.</subfield>
  </datafield>
  <datafield tag="504" ind1=" " ind2=" ">
    <subfield code="a">Includes bibliographical references and index.</subfield>
  </datafield>
  <datafield tag="505" ind1="0" ind2=" ">
    <subfield code="a">Introduccíon -- 1. Los valores cambiantes del patrimonio cultural y sutransformacíon en un recurso para el desarrollo sustentable --¡Qúe es el patrimonio cultural? --Los valores sociales del patrimonio cultural -- El valor económico del patrimonio cultural -- 2. El diagnóstico del patrimonio cultural de Numarán -- Apuntes metodológicos sobre la gestíon del patrimonio y la importancia del diagnóstico --El caso de Numarán -- Actores e intereses que confluyen en el patrimonio cultural de Numarán -- Gobierno municipal -- Actores sociales -- Otros actores -- La sociedad y el patrimonio cultural de Numarán -- Perfil de los encuestados -- La percepcíon social del espacio -- Los conceptos de patrimonio cultural y patrimonio natural -- Los bienes patrimoniales desde la perspectiva de los numarenses -- Tendencias en la gestíon del patrimonio cultural y expectativas sobre su divulgacíon -- 3. Inventario del patrimonio cultural de Numarán -- Patrimonio arqueológico -- Patrimonio histórico -- La parroquia de Santo Santiago -- Arquitectura vernácula -- Patrimonio inmaterial -- El diagnóstico y la importancia del consenso social para seguir adelante -- 4. Pénjamo y la comunicacíon del patrimonio cultural -- El diagnóstico del patrimonio cultural de Pénjamo -- El patrimonio cultural de Pénjamo y su relacíon conla sociedad -- Actores e intereses que confluyen en el patrimonio cultural de Pénjamo -- 5. Estrategias museográficas para dar a conocer el patrimonio -- Puntos de partida para la creacíon de un museo -- La nueva museología -- ¡Cómo hacer un museo comunitario? -- Estrategias de planeacíon museográfica para el caso de Pénjamo ¡Cómo crear un proyecto de museo y una exhibicíon? -- Proyecto ejecutivo inicial -- Centro Interpretativo de Pénjamo -- Cuando el museo se transforma en un recurso turístico -- Conclusiones.</subfield>
  </datafield>
  <datafield tag="520" ind1="8" ind2=" ">
    <subfield code="a">&quot;This text presents two cases and the resulting problems when local governments, despite integrating the perspective of sustainable development into their plans and projects, applied a management model of patrimonyconservation. Their methods were incomplete when they favor tourism development without considering that local patrimony and other cultural values, conditioning risks for their conservation and exclusion from society. The reader will find in this text tools to manage the heritage, based on their knowledge or diagnosis, presented from the case of Numarán, which results in an inventory that will be the basis for proposing strategies to put it into value through its communication, which should be developed in the case of Pénjamo&quot; (HKB Translation) --Verso cover.</subfield>
  </datafield>
  <datafield tag="650" ind1=" " ind2="0">
    <subfield code="a">Cultural property</subfield>
    <subfield code="x">Protection</subfield>
    <subfield code="z">Mexico</subfield>
    <subfield code="z">Pénjamo.</subfield>
  </datafield>
  <datafield tag="650" ind1=" " ind2="0">
    <subfield code="a">Cultural property</subfield>
    <subfield code="x">Protection</subfield>
    <subfield code="z">Mexico</subfield>
    <subfield code="z">Numarán.</subfield>
  </datafield>
  <datafield tag="650" ind1=" " ind2="0">
    <subfield code="a">Tourism</subfield>
    <subfield code="x">Social aspects</subfield>
    <subfield code="z">Mexico.</subfield>
  </datafield>
  <datafield tag="650" ind1=" " ind2="0">
    <subfield code="a">Heritage tourism</subfield>
    <subfield code="z">Mexico.</subfield>
  </datafield>
  <datafield tag="651" ind1=" " ind2="0">
    <subfield code="a">Pénjamo (Mexico)</subfield>
    <subfield code="x">Social life and customs.</subfield>
  </datafield>
  <datafield tag="651" ind1=" " ind2="0">
    <subfield code="a">Numarán (Michoacán, Mexico)</subfield>
    <subfield code="x">Social life and customs.</subfield>
  </datafield>
  <datafield tag="651" ind1=" " ind2="0">
    <subfield code="a">Mexico</subfield>
    <subfield code="x">Cultural policy.</subfield>
  </datafield>
  <datafield tag="923" ind1=" " ind2=" ">
    <subfield code="d">20191211</subfield>
    <subfield code="n">3558</subfield>
    <subfield code="s">Mx-MxBFM</subfield>
  </datafield>
  <datafield tag="985" ind1=" " ind2=" ">
    <subfield code="e">VENDOR LOAD</subfield>
  </datafield>
</record>