
<record>
  <leader>02875nam a22004215i 4500</leader>
  <controlfield tag="001">21353604</controlfield>
  <datafield tag="906" ind1=" " ind2=" ">
    <subfield code="a">0</subfield>
    <subfield code="b">ibc</subfield>
    <subfield code="c">origres</subfield>
    <subfield code="d">u</subfield>
    <subfield code="e">ncip</subfield>
    <subfield code="f">20</subfield>
    <subfield code="g">y-gencatlg</subfield>
  </datafield>
  <datafield tag="925" ind1="0" ind2=" ">
    <subfield code="a">acquire</subfield>
    <subfield code="b">1 shelf copy</subfield>
    <subfield code="x">policy default</subfield>
  </datafield>
  <datafield tag="955" ind1=" " ind2=" ">
    <subfield code="a">ve07 2020-01-03</subfield>
  </datafield>
  <controlfield tag="005">20200103200107.0</controlfield>
  <controlfield tag="008">191018t20182018mx            000 0 spa  </controlfield>
  <datafield tag="020" ind1=" " ind2=" ">
    <subfield code="a">9786077690931</subfield>
  </datafield>
  <datafield tag="020" ind1=" " ind2=" ">
    <subfield code="a">6077690937</subfield>
  </datafield>
  <datafield tag="035" ind1=" " ind2=" ">
    <subfield code="a">(Mx-MxBFM)bfm970189044</subfield>
  </datafield>
  <datafield tag="040" ind1=" " ind2=" ">
    <subfield code="a">DLC</subfield>
    <subfield code="b">eng</subfield>
    <subfield code="c">DLC</subfield>
    <subfield code="e">rda</subfield>
  </datafield>
  <datafield tag="042" ind1=" " ind2=" ">
    <subfield code="a">pcc</subfield>
  </datafield>
  <datafield tag="245" ind1="0" ind2="0">
    <subfield code="a">Escenarios regionales contemporáneos /</subfield>
    <subfield code="c">coordinadores, Juan Carlos Gachúz Maya, Claudia Barona Castañeda y Gerardo Rodríguez SánchezLara autores, Marcela álvarez Pérez, Carlos GabrielArguëlles, Claudia Barona Castañeda, AsucenaCháidez Montenegro, Gilberto Conde Zambada, Marcin RomanCzubala Ostapiuk, Ronald Guy Emmerson, Mariana EnríquezLizárraga, Juan Carlos Gachúz Maya, Juan Antonio Le Clercq Ortega, Raquel Isamara León de la Rosa, Marianne H. Marchand, Myrna Rodríguez Añuez, Gerardo Rodríguez Sánchez Lara, Marcela Szymanski, Rafael Velázquez Flores.</subfield>
  </datafield>
  <datafield tag="246" ind1="3" ind2="1">
    <subfield code="a">Subtitle on cover : Retrato de un mundo globalizado</subfield>
  </datafield>
  <datafield tag="250" ind1=" " ind2=" ">
    <subfield code="a">Primera edición.</subfield>
  </datafield>
  <datafield tag="264" ind1=" " ind2="1">
    <subfield code="a">México :</subfield>
    <subfield code="b">UDLAP,</subfield>
    <subfield code="c">2018.</subfield>
  </datafield>
  <datafield tag="264" ind1=" " ind2="4">
    <subfield code="c">©2018</subfield>
  </datafield>
  <datafield tag="300" ind1=" " ind2=" ">
    <subfield code="a">342 pages :</subfield>
    <subfield code="b">illustrations, maps ;</subfield>
    <subfield code="c">22 cm.</subfield>
  </datafield>
  <datafield tag="336" ind1=" " ind2=" ">
    <subfield code="a">text</subfield>
    <subfield code="b">txt</subfield>
    <subfield code="2">rdacontent</subfield>
  </datafield>
  <datafield tag="337" ind1=" " ind2=" ">
    <subfield code="a">unmediated</subfield>
    <subfield code="b">n</subfield>
    <subfield code="2">rdamedia</subfield>
  </datafield>
  <datafield tag="338" ind1=" " ind2=" ">
    <subfield code="a">volume</subfield>
    <subfield code="b">nc</subfield>
    <subfield code="2">rdacarrier</subfield>
  </datafield>
  <datafield tag="490" ind1="0" ind2=" ">
    <subfield code="a">Colección Sapientia UDLAP</subfield>
  </datafield>
  <datafield tag="500" ind1=" " ind2=" ">
    <subfield code="a">Contains photos, tables, graphs, maps, covers.</subfield>
  </datafield>
  <datafield tag="504" ind1=" " ind2=" ">
    <subfield code="a">Bibliography at the end of each chapter.</subfield>
  </datafield>
  <datafield tag="504" ind1=" " ind2=" ">
    <subfield code="a">Includes bibliographical references.</subfield>
  </datafield>
  <datafield tag="505" ind1="0" ind2=" ">
    <subfield code="a">Factores geopolíticos y geoestratégicos enel conflicto del mar del sur de China / Juan Carlos Gachúz Maya -- Construcción y deconstrucción de sociedades confucianas en el siglo XXI: China, Hong Kong, Taiwán yCorea del Sur / Raquel León de la Rosa-- La Unión Europea y su nuevo modelo de gobernanza económica: los retos y perspectivas actuales / Marcin Roman Czubala Ostapiuk -- Europa : escenarios de sus nuevos retos geopolíticos / Marcela Szymanski -- La &quot;marea rosa&quot; en América Latina: origenes y posibles trayectorias / R. Guy Emerson -- Escenarios de impunidad en América Latina 2015-2017 / Juan Antonio Le Clercq, Azucena Cháidez -- El conflicto del Sáhara Occidental y sus implicaciones regionales / Claudia Barona Castañeda, MyrnaRodríguez Añuez, Mariana EnríquezLizárraga -- Agua y poder entre el Nilo y el Tigris / Gilberto Conde -- Canadá en América del Norte:</subfield>
  </datafield>
  <datafield tag="650" ind1=" " ind2="0">
    <subfield code="a">International relations.</subfield>
  </datafield>
  <datafield tag="650" ind1=" " ind2="0">
    <subfield code="a">Geopolitics.</subfield>
  </datafield>
  <datafield tag="700" ind1="1" ind2=" ">
    <subfield code="a">Gachúz Maya, Juan Carlos,</subfield>
    <subfield code="e">editor.</subfield>
  </datafield>
  <datafield tag="700" ind1="1" ind2=" ">
    <subfield code="a">Barona, Claudia,</subfield>
    <subfield code="e">editor.</subfield>
  </datafield>
  <datafield tag="700" ind1="1" ind2=" ">
    <subfield code="a">Rodríguez Sánchez Lara, Gerardo,</subfield>
    <subfield code="e">editor.</subfield>
  </datafield>
  <datafield tag="700" ind1="1" ind2=" ">
    <subfield code="a">álvarez Pérez, Marcela,</subfield>
    <subfield code="e">author.</subfield>
  </datafield>
  <datafield tag="923" ind1=" " ind2=" ">
    <subfield code="d">20191210</subfield>
    <subfield code="n">3555</subfield>
    <subfield code="s">Mx-MxBFM</subfield>
  </datafield>
  <datafield tag="985" ind1=" " ind2=" ">
    <subfield code="e">VENDOR LOAD</subfield>
  </datafield>
</record>