
<record>
  <leader>05040nam a22005775i 4500</leader>
  <controlfield tag="001">21353617</controlfield>
  <datafield tag="906" ind1=" " ind2=" ">
    <subfield code="a">0</subfield>
    <subfield code="b">ibc</subfield>
    <subfield code="c">origres</subfield>
    <subfield code="d">u</subfield>
    <subfield code="e">ncip</subfield>
    <subfield code="f">20</subfield>
    <subfield code="g">y-gencatlg</subfield>
  </datafield>
  <datafield tag="925" ind1="0" ind2=" ">
    <subfield code="a">acquire</subfield>
    <subfield code="b">1 shelf copy</subfield>
    <subfield code="x">policy default</subfield>
  </datafield>
  <datafield tag="955" ind1=" " ind2=" ">
    <subfield code="a">ve24 2020-01-03</subfield>
  </datafield>
  <controlfield tag="005">20200103200133.0</controlfield>
  <controlfield tag="008">171121s2019    mx            000 0 spa  </controlfield>
  <datafield tag="020" ind1=" " ind2=" ">
    <subfield code="a">9788417975081</subfield>
    <subfield code="q">(RM VERLAG)</subfield>
  </datafield>
  <datafield tag="020" ind1=" " ind2=" ">
    <subfield code="a">841797508X</subfield>
  </datafield>
  <datafield tag="020" ind1=" " ind2=" ">
    <subfield code="a">9786073019538</subfield>
    <subfield code="q">(UNAM)</subfield>
  </datafield>
  <datafield tag="020" ind1=" " ind2=" ">
    <subfield code="a">607301953X</subfield>
  </datafield>
  <datafield tag="035" ind1=" " ind2=" ">
    <subfield code="a">(CVcHKB)hkb0000007714</subfield>
  </datafield>
  <datafield tag="040" ind1=" " ind2=" ">
    <subfield code="a">DLC</subfield>
    <subfield code="b">eng</subfield>
    <subfield code="c">DLC</subfield>
    <subfield code="e">rda</subfield>
  </datafield>
  <datafield tag="042" ind1=" " ind2=" ">
    <subfield code="a">pcc</subfield>
  </datafield>
  <datafield tag="041" ind1="1" ind2=" ">
    <subfield code="a">spa</subfield>
    <subfield code="a">eng</subfield>
  </datafield>
  <datafield tag="100" ind1="1" ind2=" ">
    <subfield code="a">Smith, Melanie,</subfield>
    <subfield code="d">1965-</subfield>
    <subfield code="e">artist.</subfield>
  </datafield>
  <datafield tag="240" ind1="1" ind2="0">
    <subfield code="a">Works.</subfield>
    <subfield code="k">Selections</subfield>
  </datafield>
  <datafield tag="245" ind1="1" ind2="0">
    <subfield code="a">Melanie Smith :</subfield>
    <subfield code="b">farsa y artificio = farse and artifice /</subfield>
    <subfield code="c">[curaduría = curatorship : Tanya Baron, Alejandra Labastida ; textos = texts : José Luis Barrios, UIA [and others]].</subfield>
  </datafield>
  <datafield tag="246" ind1="3" ind2="0">
    <subfield code="a">Farsa y artificio</subfield>
  </datafield>
  <datafield tag="246" ind1="3" ind2="1">
    <subfield code="a">Melanie Smith :</subfield>
    <subfield code="b">farse and artifice</subfield>
  </datafield>
  <datafield tag="250" ind1=" " ind2=" ">
    <subfield code="a">Primera edición = First edition.</subfield>
  </datafield>
  <datafield tag="264" ind1=" " ind2="1">
    <subfield code="a">Ciudad de México :</subfield>
    <subfield code="b">MUAC, Museo Universitario Arte Contemporáneo, UNAM ;</subfield>
    <subfield code="a">Puebla, Pue. México :</subfield>
    <subfield code="b">Museo Amparo,</subfield>
    <subfield code="c">2019.</subfield>
  </datafield>
  <datafield tag="264" ind1=" " ind2="4">
    <subfield code="c">©2019</subfield>
  </datafield>
  <datafield tag="300" ind1=" " ind2=" ">
    <subfield code="a">143 pages :</subfield>
    <subfield code="b">illustrations (chiefly color) ;</subfield>
    <subfield code="c">23 cm.</subfield>
  </datafield>
  <datafield tag="336" ind1=" " ind2=" ">
    <subfield code="a">text</subfield>
    <subfield code="b">txt</subfield>
    <subfield code="2">rdacontent</subfield>
  </datafield>
  <datafield tag="337" ind1=" " ind2=" ">
    <subfield code="a">unmediated</subfield>
    <subfield code="b">n</subfield>
    <subfield code="2">rdamedia</subfield>
  </datafield>
  <datafield tag="338" ind1=" " ind2=" ">
    <subfield code="a">volume</subfield>
    <subfield code="b">nc</subfield>
    <subfield code="2">rdacarrier</subfield>
  </datafield>
  <datafield tag="490" ind1="0" ind2=" ">
    <subfield code="a">Folio MUAC ;</subfield>
    <subfield code="v">078</subfield>
  </datafield>
  <datafield tag="500" ind1=" " ind2=" ">
    <subfield code="a">&quot;Published on occasion of the exhibition Melanie Smith: Farse and Artifice first exhibited in the MACBA, Museu d&apos;Art Contemporani (May 18 to October 7, 2018) and in the MUAC, Museo Universitario Arte Contemporáneo, UNAM, Universidad Nacional Autónoma de México, Mexico City; (May 26 to October 6, 2019) and the Museo Amparo, Puebla (May 26 to October 7, 2019).&quot;--Facing Title Page.</subfield>
  </datafield>
  <datafield tag="504" ind1=" " ind2=" ">
    <subfield code="a">Includes bibliographical references.</subfield>
  </datafield>
  <datafield tag="505" ind1="8" ind2=" ">
    <subfield code="a">Los síntomas de la turbulencia, o si te asomas por el vórtice veras la ciudad espiral = The symptoms of turbulence, or if you peer into the vortex you&apos;ll see the spiral city / Alejandra Labastida -- Melanie Smith: farsa y artificio. Cuando el humor perfora lo imaginario = Melanie Smith: farce and artifice. When humor pierces the imaginary / José Luis Barrios - Producir la falla. Una conversación con Melanie Smith = Producing the flaw. A conversation with Melanie Smith / Cuauhtémoc Medina -- Semblanza = Biographical Sketch -- Catálogo = Catalogue.</subfield>
  </datafield>
  <datafield tag="520" ind1=" " ind2=" ">
    <subfield code="a">Since the 1980s, Melanie Smith (United Kingdom, 1965) has addressed a number of interrelated themes encompassing the effects and the detritus of industrialization, the economy and the aesthetics of abstraction, urbanization, colonialism and, more recently, nature and entropy, through a blurring and blending of the logics of the worlds of the image, cinema, and performance. The exhibition was developed by the Museu dœArt Contemporani de Barcelona (MACBA) and takes in all the media used by the artist, from her first sculptures, assemblages, relief works and paintings up to her works in video, photography and installation. The version shown at the MUAC and Museo Amparo focuses on the driving forces behind her more recent works, which have seen her experimenting with her own gaze as an artist or producer of images in terms of time-space. In her most recent creations, Smith works with distance rooted in a physical perspective, taking journeys to the Amazon jungle or the Atacama desert in Fordlandia and María Elena, as well as the anti-voyage of Skype. She also addresses this theme from a formal, technological perspective using security cameras or other mechanisms to distance her from the position of authorial control. The works shown in this exhibition appear in two cities simultaneously: Puebla and Mexico City. The project is not conceived as two parallel shows, but one single one. To achieve this sense of simultaneity, a system of crossed gazes and references between the works is employed, with peepholes that enable viewers to see live what is happening in the other venue. In this way, a dialogue is established between the two museums and between different moments in the artistic career of Melanie Smith.</subfield>
  </datafield>
  <datafield tag="546" ind1=" " ind2=" ">
    <subfield code="a">Texts in Spanish and English.</subfield>
  </datafield>
  <datafield tag="583" ind1=" " ind2=" ">
    <subfield code="c">20191122</subfield>
  </datafield>
  <datafield tag="600" ind1="1" ind2="0">
    <subfield code="a">Smith, Melanie,</subfield>
    <subfield code="d">1965-</subfield>
    <subfield code="v">Exhibitions.</subfield>
  </datafield>
  <datafield tag="600" ind1="1" ind2="0">
    <subfield code="a">Smith, Melanie,</subfield>
    <subfield code="d">1965-</subfield>
    <subfield code="x">Criticism and interpretation.</subfield>
  </datafield>
  <datafield tag="650" ind1=" " ind2="0">
    <subfield code="a">Art, Modern</subfield>
    <subfield code="y">20th century</subfield>
    <subfield code="v">Exhibitions.</subfield>
  </datafield>
  <datafield tag="650" ind1=" " ind2="0">
    <subfield code="a">Installations (Art)</subfield>
    <subfield code="z">Mexico</subfield>
    <subfield code="v">Exhibitions.</subfield>
  </datafield>
  <datafield tag="700" ind1="1" ind2=" ">
    <subfield code="a">Barson, Tanya,</subfield>
    <subfield code="e">curator.</subfield>
  </datafield>
  <datafield tag="700" ind1="1" ind2=" ">
    <subfield code="a">Labastida, Alejandra,</subfield>
    <subfield code="d">1979-</subfield>
    <subfield code="e">curator,</subfield>
    <subfield code="e">writer of supplementary textual content.</subfield>
  </datafield>
  <datafield tag="700" ind1="1" ind2=" ">
    <subfield code="a">Barrios, José Luis,</subfield>
    <subfield code="e">writer of supplementary textual content.</subfield>
  </datafield>
  <datafield tag="710" ind1="2" ind2=" ">
    <subfield code="a">Universidad Nacional Autónoma de México.</subfield>
    <subfield code="b">Museo Universitario Arte Contemporáneo,</subfield>
    <subfield code="e">host institution,</subfield>
    <subfield code="e">issuing body.</subfield>
  </datafield>
  <datafield tag="710" ind1="2" ind2=" ">
    <subfield code="a">Museo Amparo (Puebla, Mexico),</subfield>
    <subfield code="e">host institution,</subfield>
    <subfield code="e">issuing body.</subfield>
  </datafield>
  <datafield tag="710" ind1="2" ind2=" ">
    <subfield code="a">Museu d&apos;Art Contemporani (Barcelona, Spain),</subfield>
    <subfield code="e">host institution.</subfield>
  </datafield>
  <datafield tag="830" ind1=" " ind2="0">
    <subfield code="a">Folio MUAC ;</subfield>
    <subfield code="v">078.</subfield>
  </datafield>
  <datafield tag="923" ind1=" " ind2=" ">
    <subfield code="d">20191210</subfield>
    <subfield code="n">78181</subfield>
    <subfield code="s">CVcHKB</subfield>
  </datafield>
  <datafield tag="985" ind1=" " ind2=" ">
    <subfield code="e">VENDOR LOAD</subfield>
  </datafield>
</record>