
<record>
  <leader>04206nam a22005055i 4500</leader>
  <controlfield tag="001">21353618</controlfield>
  <datafield tag="906" ind1=" " ind2=" ">
    <subfield code="a">0</subfield>
    <subfield code="b">ibc</subfield>
    <subfield code="c">origres</subfield>
    <subfield code="d">u</subfield>
    <subfield code="e">ncip</subfield>
    <subfield code="f">20</subfield>
    <subfield code="g">y-gencatlg</subfield>
  </datafield>
  <datafield tag="925" ind1="0" ind2=" ">
    <subfield code="a">acquire</subfield>
    <subfield code="b">1 shelf copy</subfield>
    <subfield code="x">policy default</subfield>
  </datafield>
  <datafield tag="955" ind1=" " ind2=" ">
    <subfield code="a">ve24 2020-01-03</subfield>
  </datafield>
  <controlfield tag="005">20200103200135.0</controlfield>
  <controlfield tag="008">171121s2019    mx            000 0 spa  </controlfield>
  <datafield tag="020" ind1=" " ind2=" ">
    <subfield code="a">9786073019279</subfield>
  </datafield>
  <datafield tag="020" ind1=" " ind2=" ">
    <subfield code="a">6073019270</subfield>
  </datafield>
  <datafield tag="035" ind1=" " ind2=" ">
    <subfield code="a">(CVcHKB)hkb0000007715</subfield>
  </datafield>
  <datafield tag="040" ind1=" " ind2=" ">
    <subfield code="a">DLC</subfield>
    <subfield code="b">eng</subfield>
    <subfield code="c">DLC</subfield>
    <subfield code="e">rda</subfield>
  </datafield>
  <datafield tag="042" ind1=" " ind2=" ">
    <subfield code="a">pcc</subfield>
  </datafield>
  <datafield tag="041" ind1="1" ind2=" ">
    <subfield code="a">spa</subfield>
    <subfield code="a">eng</subfield>
  </datafield>
  <datafield tag="111" ind1="2" ind2=" ">
    <subfield code="a">#MuseoDigitalMX</subfield>
    <subfield code="d">(2017 :</subfield>
    <subfield code="c">Mexico City)</subfield>
  </datafield>
  <datafield tag="245" ind1="1" ind2="0">
    <subfield code="a">Museo digital :</subfield>
    <subfield code="b">futuros y posibilidades = Digital museum : future and posibilities /</subfield>
    <subfield code="c">[editores = editors : Mónica Amieva, Luis Vargas Santiago ; textos = texts : Jane Alexander [and others]].</subfield>
  </datafield>
  <datafield tag="246" ind1="3" ind2="1">
    <subfield code="a">Digital museum :</subfield>
    <subfield code="b">future and posibilities</subfield>
  </datafield>
  <datafield tag="250" ind1=" " ind2=" ">
    <subfield code="a">Primera edición = First edition.</subfield>
  </datafield>
  <datafield tag="264" ind1=" " ind2="1">
    <subfield code="a">Ciudad de México :</subfield>
    <subfield code="b">Fundación Telefónica México :</subfield>
    <subfield code="b">MUAC, Museo Universitario Arte Contemporáneo, UNAM,</subfield>
    <subfield code="c">2019.</subfield>
  </datafield>
  <datafield tag="264" ind1=" " ind2="4">
    <subfield code="c">©2019</subfield>
  </datafield>
  <datafield tag="300" ind1=" " ind2=" ">
    <subfield code="a">221 pages ;</subfield>
    <subfield code="c">19 cm.</subfield>
  </datafield>
  <datafield tag="336" ind1=" " ind2=" ">
    <subfield code="a">text</subfield>
    <subfield code="b">txt</subfield>
    <subfield code="2">rdacontent</subfield>
  </datafield>
  <datafield tag="337" ind1=" " ind2=" ">
    <subfield code="a">unmediated</subfield>
    <subfield code="b">n</subfield>
    <subfield code="2">rdamedia</subfield>
  </datafield>
  <datafield tag="338" ind1=" " ind2=" ">
    <subfield code="a">volume</subfield>
    <subfield code="b">nc</subfield>
    <subfield code="2">rdacarrier</subfield>
  </datafield>
  <datafield tag="490" ind1="0" ind2=" ">
    <subfield code="a">Cuadernos MUAC</subfield>
  </datafield>
  <datafield tag="500" ind1=" " ind2=" ">
    <subfield code="a">&quot;Published on occasion of the encounter Digital Museum. Future and Posibilities (November14 to November 16, 2017) MUAC, Museo Universitario Arte Contemporáneo. UNAM, UniversidadNacional Autónoma de México, Mexico City.&quot;--Facing Title Page.</subfield>
  </datafield>
  <datafield tag="504" ind1=" " ind2=" ">
    <subfield code="a">Includes bibliographical references.</subfield>
  </datafield>
  <datafield tag="505" ind1="8" ind2=" ">
    <subfield code="a">Presentación = Foreword / Graciela de la Torre, Nidia Chávez -- Mapas de ruta: #MuseoDigitalMX = Roadmaps: #MuseoDigitalMX / Luis Vargas -- El museo sin marco: acumulación, uso y mediación digital = The Museum without Frame: Accumulation, Use and Digital Mediation / Alberto López Cuenca -- Un caso de ansiedad: la transformación digital de los museos = A Case of Anxiety: The Digital Transformation of Museums / Javier Pantoja Ferrari -- Enseñar a los humanos a ser mejores humanos: replanteando el papel de los museos en la sociedad = Teaching Humans to be Better Humans: Reframing the Role of Museums in Society / Liz Neely -- Artlens Gallery: por qué importa la iteración = Artlens Gallery: Why Iteration Matters / Jane Alexander -- Estudios de caso = Case Studies / Gemma Argüello, Tania Candiani -- Bibliografía comentada = Commented Bibliography -- Semblanzas de los colaboradores = Collaborators Biographical Sketch.</subfield>
  </datafield>
  <datafield tag="520" ind1=" " ind2=" ">
    <subfield code="a">A complete overview of the ways in which technologies in museums have served for the successful generation of creative content, digital platforms, educational processes and new forms of interaction with audiences. Nearly 40 cultural institutions, digital studios and technology consultants, from Brazil, Spain, the United States, Mexico, the Netherlands, Peru and the United Kingdom, met to share experiences and knowledge. &quot;This book deepens and expands on the debates that took place at #MuseoDigitalMX with new data and reflections by Jane Alexander, Liz Neely and Javier Pantoja Ferrari, enriched by contributions by other colleagues who didnœt participate in the event, such as Gemma Argüello and Alberto López Cuenca, not to mention the diagrams by the artist Tania Candiani and the annotated bibliographies by contributors who, from different perspectives, map the key concepts of the digital museum. The first approach is here; we shall see what new developments and approaches the future will bring.&quot; --Page 94.</subfield>
  </datafield>
  <datafield tag="546" ind1=" " ind2=" ">
    <subfield code="a">Texts in Spanish and English.</subfield>
  </datafield>
  <datafield tag="583" ind1=" " ind2=" ">
    <subfield code="c">20191122</subfield>
  </datafield>
  <datafield tag="650" ind1=" " ind2="0">
    <subfield code="a">Virtual reality</subfield>
    <subfield code="v">Congresses.</subfield>
  </datafield>
  <datafield tag="650" ind1=" " ind2="0">
    <subfield code="a">Museums</subfield>
    <subfield code="x">Technological innovations</subfield>
    <subfield code="v">Congresses.</subfield>
  </datafield>
  <datafield tag="650" ind1=" " ind2="0">
    <subfield code="a">Human-computer interaction</subfield>
    <subfield code="v">Congresses.</subfield>
  </datafield>
  <datafield tag="700" ind1="1" ind2=" ">
    <subfield code="a">Amieva, Mónica,</subfield>
    <subfield code="d">1980-</subfield>
    <subfield code="e">editor.</subfield>
  </datafield>
  <datafield tag="700" ind1="1" ind2=" ">
    <subfield code="a">Vargas Santiago, Luis,</subfield>
    <subfield code="e">editor.</subfield>
  </datafield>
  <datafield tag="700" ind1="1" ind2=" ">
    <subfield code="a">Alexander, Jane,</subfield>
    <subfield code="e">writer of supplementary textual content.</subfield>
  </datafield>
  <datafield tag="710" ind1="2" ind2=" ">
    <subfield code="a">Universidad Nacional Autónoma de México.</subfield>
    <subfield code="b">Museo Universitario Arte Contemporáneo,</subfield>
    <subfield code="e">host institution,</subfield>
    <subfield code="e">issuing body.</subfield>
  </datafield>
  <datafield tag="710" ind1="2" ind2=" ">
    <subfield code="a">Fundación Telefónica (Madrid, Spain),</subfield>
    <subfield code="e">issuing body.</subfield>
  </datafield>
  <datafield tag="830" ind1=" " ind2="0">
    <subfield code="a">Cuadernos MUAC.</subfield>
  </datafield>
  <datafield tag="923" ind1=" " ind2=" ">
    <subfield code="d">20191210</subfield>
    <subfield code="n">78181</subfield>
    <subfield code="s">CVcHKB</subfield>
  </datafield>
  <datafield tag="985" ind1=" " ind2=" ">
    <subfield code="e">VENDOR LOAD</subfield>
  </datafield>
</record>