
<record>
  <leader>03551nam a22004815i 4500</leader>
  <controlfield tag="001">21353622</controlfield>
  <datafield tag="906" ind1=" " ind2=" ">
    <subfield code="a">0</subfield>
    <subfield code="b">ibc</subfield>
    <subfield code="c">origres</subfield>
    <subfield code="d">u</subfield>
    <subfield code="e">ncip</subfield>
    <subfield code="f">20</subfield>
    <subfield code="g">y-gencatlg</subfield>
  </datafield>
  <datafield tag="925" ind1="0" ind2=" ">
    <subfield code="a">acquire</subfield>
    <subfield code="b">1 shelf copy</subfield>
    <subfield code="x">policy default</subfield>
  </datafield>
  <datafield tag="955" ind1=" " ind2=" ">
    <subfield code="a">ve24 2020-01-03</subfield>
  </datafield>
  <controlfield tag="005">20200103200142.0</controlfield>
  <controlfield tag="008">191121s2019    mx            000 0 spa  </controlfield>
  <datafield tag="020" ind1=" " ind2=" ">
    <subfield code="a">9786076055915</subfield>
    <subfield code="q">(INBAL)</subfield>
  </datafield>
  <datafield tag="020" ind1=" " ind2=" ">
    <subfield code="a">607605591X</subfield>
  </datafield>
  <datafield tag="035" ind1=" " ind2=" ">
    <subfield code="a">(CVcHKB)hkb0000007938</subfield>
  </datafield>
  <datafield tag="040" ind1=" " ind2=" ">
    <subfield code="a">DLC</subfield>
    <subfield code="b">eng</subfield>
    <subfield code="c">DLC</subfield>
    <subfield code="e">rda</subfield>
  </datafield>
  <datafield tag="042" ind1=" " ind2=" ">
    <subfield code="a">pcc</subfield>
  </datafield>
  <datafield tag="100" ind1="1" ind2=" ">
    <subfield code="a">Soto, Rosendo,</subfield>
    <subfield code="d">1912-1994,</subfield>
    <subfield code="e">artist.</subfield>
  </datafield>
  <datafield tag="240" ind1="1" ind2="0">
    <subfield code="a">Works.</subfield>
    <subfield code="k">Selections</subfield>
  </datafield>
  <datafield tag="245" ind1="1" ind2="0">
    <subfield code="a">Rosendo Soto :</subfield>
    <subfield code="b">(1912 1994) : por derecho propio /</subfield>
    <subfield code="c">[textos : Luz Elena Soto [and 5 others] ; Raul Cano Monroy, coordinacion editorial].</subfield>
  </datafield>
  <datafield tag="250" ind1=" " ind2=" ">
    <subfield code="a">Primera edición.</subfield>
  </datafield>
  <datafield tag="264" ind1=" " ind2="1">
    <subfield code="a">Ciudad de México :</subfield>
    <subfield code="b">Secretaría de Cultura, Instituto Nacional de Bellas Artes :</subfield>
    <subfield code="b">Talamontes Editores,</subfield>
    <subfield code="c">2019.</subfield>
  </datafield>
  <datafield tag="264" ind1=" " ind2="4">
    <subfield code="c">©2019</subfield>
  </datafield>
  <datafield tag="300" ind1=" " ind2=" ">
    <subfield code="a">183 pages :</subfield>
    <subfield code="b">illustrations ;</subfield>
    <subfield code="c">23 cm.</subfield>
  </datafield>
  <datafield tag="336" ind1=" " ind2=" ">
    <subfield code="a">text</subfield>
    <subfield code="b">txt</subfield>
    <subfield code="2">rdacontent</subfield>
  </datafield>
  <datafield tag="337" ind1=" " ind2=" ">
    <subfield code="a">unmediated</subfield>
    <subfield code="b">n</subfield>
    <subfield code="2">rdamedia</subfield>
  </datafield>
  <datafield tag="338" ind1=" " ind2=" ">
    <subfield code="a">volume</subfield>
    <subfield code="b">nc</subfield>
    <subfield code="2">rdacarrier</subfield>
  </datafield>
  <datafield tag="490" ind1="0" ind2=" ">
    <subfield code="a">Museos y galerias</subfield>
  </datafield>
  <datafield tag="500" ind1=" " ind2=" ">
    <subfield code="a">&quot;The Museo Mural Diego Rivera invites us to rediscover, with the present edition that documents the commemorative exhibition, the life and work of Rosendo Soto&quot; (HKB Translation) --Page 7.</subfield>
  </datafield>
  <datafield tag="500" ind1=" " ind2=" ">
    <subfield code="a">Published on the occasion of the exhibition held at the Museo Mural Diego Rivera in Mexico City, from August 7 to November 1, 2015.</subfield>
  </datafield>
  <datafield tag="504" ind1=" " ind2=" ">
    <subfield code="a">Includes bibliographical references (pages 169-179)</subfield>
  </datafield>
  <datafield tag="505" ind1="8" ind2=" ">
    <subfield code="a">Rosendo Soto: por derecho propio / Raúl Cano Monroy -- Murales del profesor Rosendo Soto Álvarez / Luz Elena Soto Martínez -- El paisajismo de Rosendo Soto / Alan Rojas Orzechowski -- Rosendo Soto y el diseño moderno / Juan Rafael Coronel Rivera -- Rastros de un incipiente ilustrador / Karen N. Juárez Peña -- Cronología / María Estela Duarte; Raúl Cano Monroy.</subfield>
  </datafield>
  <datafield tag="520" ind1=" " ind2=" ">
    <subfield code="a">The exhibit shows the work of an artist who has been a pillar of Mexican painting is the purpose of this review that covers three pictorial stages of his development: as a student and student of Rufino Tamayo in the thirties, on allegorical themes of post-revolutionary nationalism; his stage in the forties that reveals a Mexican style with the influence of pre-Hispanic culture and realistic physiognomy in his characters, for which he opted during the decades of 1950 to 1980. it integrates 60 images of the archive that for 50 years was under the shelter of his daughter Martha. The artist exhibited individually for the only time in the Salon of Mexican Plastic in 1993 and in more than 50 exhibitions of a collective nature, but it was in 2015, thanks to the curatorship of Raúl Cano Monroy, which was held the first exhibition of the multifaceted Jalisco painter at the Diego Rivera Mural Museum. The catalog gathers more than 60 images and thanks to the facilities granted by the painter&apos;s family, the first investigation and deep approach to his work and his life achievements.</subfield>
  </datafield>
  <datafield tag="546" ind1=" " ind2=" ">
    <subfield code="a">In Spanish.</subfield>
  </datafield>
  <datafield tag="600" ind1="1" ind2="0">
    <subfield code="a">Soto, Rosendo,</subfield>
    <subfield code="d">1912-1994,</subfield>
    <subfield code="x">Criticism and interpretation.</subfield>
  </datafield>
  <datafield tag="600" ind1="1" ind2="0">
    <subfield code="a">Soto, Rosendo,</subfield>
    <subfield code="d">1912-1994,</subfield>
    <subfield code="v">Exhibitions.</subfield>
  </datafield>
  <datafield tag="650" ind1=" " ind2="0">
    <subfield code="a">Art, Mexican</subfield>
    <subfield code="y">20th century.</subfield>
  </datafield>
  <datafield tag="650" ind1=" " ind2="0">
    <subfield code="a">Painters</subfield>
    <subfield code="z">Mexico</subfield>
    <subfield code="v">Biography.</subfield>
  </datafield>
  <datafield tag="700" ind1="1" ind2=" ">
    <subfield code="a">Soto, Luz Elena,</subfield>
    <subfield code="e">writer of supplementary textual content.</subfield>
  </datafield>
  <datafield tag="700" ind1="1" ind2=" ">
    <subfield code="a">Cano Monroys, Raúl,</subfield>
    <subfield code="e">editor,</subfield>
    <subfield code="e">curator.</subfield>
  </datafield>
  <datafield tag="710" ind1="2" ind2=" ">
    <subfield code="a">Museo Mural Diego Rivera (Mexico City, Mexico),</subfield>
    <subfield code="e">host institution.</subfield>
  </datafield>
  <datafield tag="830" ind1=" " ind2="0">
    <subfield code="a">Museos y galerias.</subfield>
  </datafield>
  <datafield tag="923" ind1=" " ind2=" ">
    <subfield code="d">20191210</subfield>
    <subfield code="n">78181</subfield>
    <subfield code="s">CVcHKB</subfield>
  </datafield>
  <datafield tag="985" ind1=" " ind2=" ">
    <subfield code="e">VENDOR LOAD</subfield>
  </datafield>
</record>