
<record>
  <leader>05089nam a22006255i 4500</leader>
  <controlfield tag="001">21353623</controlfield>
  <datafield tag="906" ind1=" " ind2=" ">
    <subfield code="a">0</subfield>
    <subfield code="b">ibc</subfield>
    <subfield code="c">origres</subfield>
    <subfield code="d">u</subfield>
    <subfield code="e">ncip</subfield>
    <subfield code="f">20</subfield>
    <subfield code="g">y-gencatlg</subfield>
  </datafield>
  <datafield tag="925" ind1="0" ind2=" ">
    <subfield code="a">acquire</subfield>
    <subfield code="b">1 shelf copy</subfield>
    <subfield code="x">policy default</subfield>
  </datafield>
  <datafield tag="955" ind1=" " ind2=" ">
    <subfield code="a">ve24 2020-01-03</subfield>
  </datafield>
  <controlfield tag="005">20200103200143.0</controlfield>
  <controlfield tag="008">190827s2019    mx            000 0 spa  </controlfield>
  <datafield tag="020" ind1=" " ind2=" ">
    <subfield code="a">9786073016636</subfield>
    <subfield code="q">(UNAM)</subfield>
  </datafield>
  <datafield tag="020" ind1=" " ind2=" ">
    <subfield code="a">6073016638</subfield>
  </datafield>
  <datafield tag="035" ind1=" " ind2=" ">
    <subfield code="a">(CVcHKB)hkb0000007633</subfield>
  </datafield>
  <datafield tag="040" ind1=" " ind2=" ">
    <subfield code="a">DLC</subfield>
    <subfield code="b">eng</subfield>
    <subfield code="c">DLC</subfield>
    <subfield code="e">rda</subfield>
  </datafield>
  <datafield tag="042" ind1=" " ind2=" ">
    <subfield code="a">pcc</subfield>
  </datafield>
  <datafield tag="041" ind1="1" ind2=" ">
    <subfield code="a">spa</subfield>
    <subfield code="a">eng</subfield>
  </datafield>
  <datafield tag="100" ind1="1" ind2=" ">
    <subfield code="a">Bravo, Antonio,</subfield>
    <subfield code="d">1983-</subfield>
    <subfield code="e">artist.</subfield>
  </datafield>
  <datafield tag="240" ind1="1" ind2="0">
    <subfield code="a">Works.</subfield>
    <subfield code="k">Selections</subfield>
  </datafield>
  <datafield tag="245" ind1="1" ind2="0">
    <subfield code="a">Temporal :</subfield>
    <subfield code="b">programa de residencias = Residency program /</subfield>
    <subfield code="c">Antonio Bravo, Marwa Arsanios, Cristóbal Sarro, Núria Güell.</subfield>
  </datafield>
  <datafield tag="246" ind1="3" ind2="0">
    <subfield code="a">Programa de residencias</subfield>
  </datafield>
  <datafield tag="246" ind1="3" ind2="1">
    <subfield code="a">Residency Program</subfield>
  </datafield>
  <datafield tag="250" ind1=" " ind2=" ">
    <subfield code="a">Primera edición = First edition.</subfield>
  </datafield>
  <datafield tag="264" ind1=" " ind2="1">
    <subfield code="a">Ciudad de México :</subfield>
    <subfield code="b">MUAC, Museo Universitario Arte Contemporáneo, UNAM :</subfield>
    <subfield code="b">Puebla, México :</subfield>
    <subfield code="b">Fundación Amparo,</subfield>
    <subfield code="c">2019.</subfield>
  </datafield>
  <datafield tag="300" ind1=" " ind2=" ">
    <subfield code="a">232 pages :</subfield>
    <subfield code="b">illustrations ;</subfield>
    <subfield code="c">22 cm.</subfield>
  </datafield>
  <datafield tag="336" ind1=" " ind2=" ">
    <subfield code="a">text</subfield>
    <subfield code="b">txt</subfield>
    <subfield code="2">rdacontent</subfield>
  </datafield>
  <datafield tag="337" ind1=" " ind2=" ">
    <subfield code="a">unmediated</subfield>
    <subfield code="b">n</subfield>
    <subfield code="2">rdamedia</subfield>
  </datafield>
  <datafield tag="338" ind1=" " ind2=" ">
    <subfield code="a">volume</subfield>
    <subfield code="b">nc</subfield>
    <subfield code="2">rdacarrier</subfield>
  </datafield>
  <datafield tag="490" ind1="0" ind2=" ">
    <subfield code="a">Folio MUAC ;</subfield>
    <subfield code="v">74</subfield>
  </datafield>
  <datafield tag="500" ind1=" " ind2=" ">
    <subfield code="a">&quot;Published on occasion of the exhibition &quot;Temporal. Residency Program&quot; (November 10 to March 31, 2019) MUAC, Museo Universitario Arte Contemporáneo. UNAM, Universidad Nacional Autónoma de México, Mexico City; (May 4 to July 8, 2019) Museo Amparo, Puebla.&quot;--Facing Title Page.</subfield>
  </datafield>
  <datafield tag="504" ind1=" " ind2=" ">
    <subfield code="a">Includes bibliographical references.</subfield>
  </datafield>
  <datafield tag="505" ind1="8" ind2=" ">
    <subfield code="a">Recuperar el temporal = Recovering rainfed agriculture / Daniela Pérez -- Preguntas al pie o ¿quién cuida a los que cuidan? = Questions in the margin, or Who takes care of the caretakers? / Alejandra Labastida -- Antonio Bravo: Lecciones de trabajo = Work lessons -- Bitácora = Log / Antonio Bravo -- Las piedras de mi tía = My auntœs stones / Antonio Bravo -- Lecciones de siembra = Planting lessons / Antonio Bravo -- Lecciones de cosecha = Harvest lessons / Antonio Bravo --.</subfield>
  </datafield>
  <datafield tag="505" ind1="8" ind2=" ">
    <subfield code="a">Marwa Arsanios: Amateurs, estrellas y extras o El trabajo del amorAmateurs = Stars and extras or The Labor of Love -- Salario contra el trabajo doméstico = Wages against housework / Silvia Federici -- Revolución doméstica = Domestic revolution / Grupo anónimo de Beirut = Anonymous group from Beirut -- Plataforma política por los derechos de las trabajadoras y los trabajadores del hogar en México = Political platform for the rights of domestic workers in Mexico / Sindicato Nacional de Trabajadores y Trabajadoras del Hogar --.</subfield>
  </datafield>
  <datafield tag="505" ind1="8" ind2=" ">
    <subfield code="a">Cristóbal Sarro: Urna de cenizas I, II, III = Urn of Ashes I, II, III --.</subfield>
  </datafield>
  <datafield tag="505" ind1="8" ind2=" ">
    <subfield code="a">Núria Güell: Una película de Dios = A godly tale -- Dios es ... God is ... / Manuel Hernández -- Interpretaciones de obra = Interpretation of paintings / Núria Güell (comp.) -- Semblanzas = Biographical Sketches -- Catálogo = Catalogue.</subfield>
  </datafield>
  <datafield tag="520" ind1=" " ind2=" ">
    <subfield code="a">&quot;Rainfed agriculture is also an indicator of a certain form of time: a time of waiting, observing, patience, and a rhythm that must adapt to whatever natural conditions might arise. The project presented here is called Temporal. Residency Program, a collaboration between the Museo Universitario Arte Contemporáneo (MUAC) and the Museo Amparo, exhibited at both museums in 2018 and 2019, respectively. In this project, time and human adaptation to time, as part of the processes in question, have had a decisive influence on the results, which will probably exceed the specified timeframes. Temporal began with an invitation to four artists: Marwa Arsanios (Washington, D.C., 1978), Antonio Bravo (Mexico State, 1983), Núria Güell (Vidreres, Girona, 1981), and Cristóbal Sarro (Puebla, 1992), to conduct a residency around Mexico City or Puebla to produce a new piece of work. The project organically adapted to each artist&apos;s research process, which allowed us to modify the initial deadlines in hopes of positively shaping their evolution and formal results.&quot;--Page 15.</subfield>
  </datafield>
  <datafield tag="546" ind1=" " ind2=" ">
    <subfield code="a">Texts in Spanish and English.</subfield>
  </datafield>
  <datafield tag="600" ind1="1" ind2="0">
    <subfield code="a">Bravo, Antonio,</subfield>
    <subfield code="d">1983-</subfield>
    <subfield code="v">Exhibitions.</subfield>
  </datafield>
  <datafield tag="600" ind1="1" ind2="0">
    <subfield code="a">Arsanios, Marwa,</subfield>
    <subfield code="d">1978-</subfield>
    <subfield code="v">Exhibitions.</subfield>
  </datafield>
  <datafield tag="600" ind1="1" ind2="0">
    <subfield code="a">Güell, Núria,</subfield>
    <subfield code="d">1981-</subfield>
    <subfield code="v">Exhibitions.</subfield>
  </datafield>
  <datafield tag="600" ind1="1" ind2="0">
    <subfield code="a">Sarro, Cristóbal,</subfield>
    <subfield code="d">1992-</subfield>
    <subfield code="v">Exhibitions.</subfield>
  </datafield>
  <datafield tag="650" ind1=" " ind2="0">
    <subfield code="a">Artist-in-residence programs</subfield>
    <subfield code="z">Mexico</subfield>
    <subfield code="z">Mexico City.</subfield>
  </datafield>
  <datafield tag="650" ind1=" " ind2="0">
    <subfield code="a">Artist-in-residence programs</subfield>
    <subfield code="z">Mexico</subfield>
    <subfield code="z">Puebla.</subfield>
  </datafield>
  <datafield tag="650" ind1=" " ind2="0">
    <subfield code="a">Group work in art</subfield>
    <subfield code="z">Mexico</subfield>
    <subfield code="z">Mexico City.</subfield>
  </datafield>
  <datafield tag="650" ind1=" " ind2="0">
    <subfield code="a">Group work in art</subfield>
    <subfield code="z">Mexico</subfield>
    <subfield code="z">Puebla.</subfield>
  </datafield>
  <datafield tag="650" ind1=" " ind2="0">
    <subfield code="a">Art, Modern</subfield>
    <subfield code="y">21st century.</subfield>
  </datafield>
  <datafield tag="650" ind1=" " ind2="0">
    <subfield code="a">Outdoor art</subfield>
    <subfield code="z">Mexico.</subfield>
  </datafield>
  <datafield tag="700" ind1="1" ind2="2">
    <subfield code="a">Arsanios, Marwa,</subfield>
    <subfield code="d">1978-</subfield>
    <subfield code="t">Work.</subfield>
    <subfield code="k">Selections.</subfield>
  </datafield>
  <datafield tag="700" ind1="1" ind2="2">
    <subfield code="a">Güell, Núria,</subfield>
    <subfield code="d">1981-</subfield>
    <subfield code="t">Work.</subfield>
    <subfield code="k">Selections.</subfield>
  </datafield>
  <datafield tag="700" ind1="1" ind2="2">
    <subfield code="a">Sarro, Cristóbal,</subfield>
    <subfield code="d">1992-</subfield>
    <subfield code="t">Work.</subfield>
    <subfield code="k">Selections.</subfield>
  </datafield>
  <datafield tag="710" ind1="2" ind2=" ">
    <subfield code="a">Universidad Nacional Autónoma de México.</subfield>
    <subfield code="b">Museo Universitario Arte Contemporáneo,</subfield>
    <subfield code="e">issuing body,</subfield>
    <subfield code="e">host institution.</subfield>
  </datafield>
  <datafield tag="710" ind1="2" ind2=" ">
    <subfield code="a">Museo Amparo (Puebla, Mexico),</subfield>
    <subfield code="e">host institution.</subfield>
  </datafield>
  <datafield tag="830" ind1=" " ind2="0">
    <subfield code="a">Folio MUAC ;</subfield>
    <subfield code="v">74.</subfield>
  </datafield>
  <datafield tag="923" ind1=" " ind2=" ">
    <subfield code="d">20191210</subfield>
    <subfield code="n">78181</subfield>
    <subfield code="s">CVcHKB</subfield>
  </datafield>
  <datafield tag="985" ind1=" " ind2=" ">
    <subfield code="e">VENDOR LOAD</subfield>
  </datafield>
</record>