
<record>
  <leader>03424nam a22005055i 4500</leader>
  <controlfield tag="001">21353624</controlfield>
  <datafield tag="906" ind1=" " ind2=" ">
    <subfield code="a">0</subfield>
    <subfield code="b">ibc</subfield>
    <subfield code="c">origres</subfield>
    <subfield code="d">u</subfield>
    <subfield code="e">ncip</subfield>
    <subfield code="f">20</subfield>
    <subfield code="g">y-gencatlg</subfield>
  </datafield>
  <datafield tag="925" ind1="0" ind2=" ">
    <subfield code="a">acquire</subfield>
    <subfield code="b">1 shelf copy</subfield>
    <subfield code="x">policy default</subfield>
  </datafield>
  <datafield tag="955" ind1=" " ind2=" ">
    <subfield code="a">ve24 2020-01-03</subfield>
  </datafield>
  <controlfield tag="005">20200103200146.0</controlfield>
  <controlfield tag="008">180802s2019    mx            000 0 spa  </controlfield>
  <datafield tag="020" ind1=" " ind2=" ">
    <subfield code="a">9788417975074</subfield>
    <subfield code="q">(RM VERLAG)</subfield>
  </datafield>
  <datafield tag="020" ind1=" " ind2=" ">
    <subfield code="a">8417975071</subfield>
  </datafield>
  <datafield tag="035" ind1=" " ind2=" ">
    <subfield code="a">(CVcHKB)hkb0000007772</subfield>
  </datafield>
  <datafield tag="040" ind1=" " ind2=" ">
    <subfield code="a">DLC</subfield>
    <subfield code="b">eng</subfield>
    <subfield code="c">DLC</subfield>
    <subfield code="e">rda</subfield>
  </datafield>
  <datafield tag="042" ind1=" " ind2=" ">
    <subfield code="a">pcc</subfield>
  </datafield>
  <datafield tag="041" ind1="1" ind2=" ">
    <subfield code="a">spa</subfield>
    <subfield code="a">eng</subfield>
  </datafield>
  <datafield tag="245" ind1="0" ind2="0">
    <subfield code="a">Yvonne Venegas :</subfield>
    <subfield code="b">días únicos: el estudio y su archivo = special days : the Studio and its archives /</subfield>
    <subfield code="c">[textos = texts : Cuauhtémoc Medina, MUAC, IIE-UNAM, Yvonne Venegas].</subfield>
  </datafield>
  <datafield tag="246" ind1="3" ind2="0">
    <subfield code="a">Días únicos :</subfield>
    <subfield code="b">el estudio y su archivo</subfield>
  </datafield>
  <datafield tag="246" ind1="3" ind2="1">
    <subfield code="a">Special days :</subfield>
    <subfield code="b">the Studio and its archives</subfield>
  </datafield>
  <datafield tag="250" ind1=" " ind2=" ">
    <subfield code="a">Primera edición.</subfield>
  </datafield>
  <datafield tag="264" ind1=" " ind2="1">
    <subfield code="a">Ciudad de México :</subfield>
    <subfield code="b">MUAC, Museo Universitario Arte Contemporáneo, UNAM ;</subfield>
    <subfield code="a">Barcelona :</subfield>
    <subfield code="b">RM Verlag,</subfield>
    <subfield code="c">2019.</subfield>
  </datafield>
  <datafield tag="264" ind1=" " ind2="4">
    <subfield code="c">©2019</subfield>
  </datafield>
  <datafield tag="300" ind1=" " ind2=" ">
    <subfield code="a">71 pages :</subfield>
    <subfield code="b">illustrations ;</subfield>
    <subfield code="c">22 cm.</subfield>
  </datafield>
  <datafield tag="336" ind1=" " ind2=" ">
    <subfield code="a">text</subfield>
    <subfield code="b">txt</subfield>
    <subfield code="2">rdacontent</subfield>
  </datafield>
  <datafield tag="337" ind1=" " ind2=" ">
    <subfield code="a">unmediated</subfield>
    <subfield code="b">n</subfield>
    <subfield code="2">rdamedia</subfield>
  </datafield>
  <datafield tag="338" ind1=" " ind2=" ">
    <subfield code="a">volume</subfield>
    <subfield code="b">nc</subfield>
    <subfield code="2">rdacarrier</subfield>
  </datafield>
  <datafield tag="490" ind1="0" ind2=" ">
    <subfield code="a">Folio MUAC ;</subfield>
    <subfield code="v">79</subfield>
  </datafield>
  <datafield tag="500" ind1=" " ind2=" ">
    <subfield code="a">&quot;Published on occasion of the exhibition Yvonne Venegas. Special Days: The Studio and Its Archive (August 24 to December 1, 2019) MUAC, Museo Universitario Arte Contemporáneo. unam, Universidad Nacional Autónoma de México, Mexico City&quot;.</subfield>
  </datafield>
  <datafield tag="500" ind1=" " ind2=" ">
    <subfield code="a">The exhibition was part of the Festival Internacional de Fotografía FotoMéxico.</subfield>
  </datafield>
  <datafield tag="504" ind1=" " ind2=" ">
    <subfield code="a">Includes bibliographical references.</subfield>
  </datafield>
  <datafield tag="505" ind1="8" ind2=" ">
    <subfield code="a">Archivo J. L. Venegas: entre el recuerdo oficial y los momentos vulnerables = The Archivo J.L. Venegas: Between official memories and moments of vulnerability / Yvonne Venegas -- El archivo y su sombra = The archive and Its shadow / Cuauhtémoc Medina -- Semblanza = Biographical Sketch -- Catálogo = Catalog.</subfield>
  </datafield>
  <datafield tag="520" ind1=" " ind2=" ">
    <subfield code="a">The photographic project of Yvonne Venegas (Long Beach, 1970) is the result of the rescue of images from the archive of the commercial photographic studio Venegas Fotografía Fina, established by her parents José Luis and Julia Edith Venegas, in Tijuana, Baja California since 1972. The exhibition is a reflection on the methodologies of the wedding photography from his parents&apos; studio, while analyzing the relationship between intimate photography and contemporary artistic research practice. Through the appropriation of images and through an acute analytical exercise on them, Venegas shows the routines that defined the iconography of the middle class of the border city of Tijuana during the seventies and eighties.</subfield>
  </datafield>
  <datafield tag="546" ind1=" " ind2=" ">
    <subfield code="a">Texts in Spanish and English.</subfield>
  </datafield>
  <datafield tag="583" ind1=" " ind2=" ">
    <subfield code="c">20191122</subfield>
  </datafield>
  <datafield tag="600" ind1="1" ind2="0">
    <subfield code="a">Venegas, Yvonne,</subfield>
    <subfield code="d">1970-</subfield>
    <subfield code="x">Photographic collections</subfield>
    <subfield code="v">Exhibitions.</subfield>
  </datafield>
  <datafield tag="610" ind1="2" ind2="0">
    <subfield code="a">Venegas Fotografía Fina</subfield>
    <subfield code="v">Exhibitions.</subfield>
  </datafield>
  <datafield tag="650" ind1=" " ind2="0">
    <subfield code="a">Wedding photography</subfield>
    <subfield code="z">Mexico</subfield>
    <subfield code="z">Tijuana</subfield>
    <subfield code="v">Exhibitions.</subfield>
  </datafield>
  <datafield tag="651" ind1=" " ind2="0">
    <subfield code="a">Tijuana (Baja California, Mexico)</subfield>
    <subfield code="x">Social life and customs</subfield>
    <subfield code="y">20th century</subfield>
    <subfield code="v">Pictorial works.</subfield>
  </datafield>
  <datafield tag="700" ind1="1" ind2=" ">
    <subfield code="a">Venegas, Yvonne,</subfield>
    <subfield code="d">1970-</subfield>
    <subfield code="e">writer of supplementary textual content.</subfield>
  </datafield>
  <datafield tag="700" ind1="1" ind2=" ">
    <subfield code="a">Median, Cuauhtémoc,</subfield>
    <subfield code="e">writer of supplementary textual content.</subfield>
  </datafield>
  <datafield tag="710" ind1="2" ind2=" ">
    <subfield code="a">Universidad Nacional Autónoma de México.</subfield>
    <subfield code="b">Museo Universitario Arte Contemporáneo,</subfield>
    <subfield code="e">issuing body,</subfield>
    <subfield code="e">host institution.</subfield>
  </datafield>
  <datafield tag="830" ind1=" " ind2="0">
    <subfield code="a">Folio MUAC ;</subfield>
    <subfield code="v">79.</subfield>
  </datafield>
  <datafield tag="923" ind1=" " ind2=" ">
    <subfield code="d">20191210</subfield>
    <subfield code="n">78181</subfield>
    <subfield code="s">CVcHKB</subfield>
  </datafield>
  <datafield tag="985" ind1=" " ind2=" ">
    <subfield code="e">VENDOR LOAD</subfield>
  </datafield>
</record>
</collection>
